<record><leader>00000cas a2200000 a 4500</leader><controlfield tag="001">9996318</controlfield><controlfield tag="008">831010d19471973ohuwr ne      0   a0eng d</controlfield><controlfield tag="009">9</controlfield><datafield ind1=" " ind2=" " tag="010"><subfield code="a">sn 87076750 </subfield></datafield><datafield ind1=" " ind2=" " tag="040"><subfield code="a">BGU</subfield><subfield code="b">eng</subfield><subfield code="c">BGU</subfield><subfield code="d">ONP</subfield><subfield code="d">OCL</subfield><subfield code="d">OCLCQ</subfield></datafield><datafield ind1="1" ind2=" " tag="029"><subfield code="a">AU@</subfield><subfield code="b">000020475854</subfield></datafield><datafield ind1=" " ind2=" " tag="042"><subfield code="a">msc</subfield></datafield><datafield ind1=" " ind2=" " tag="043"><subfield code="a">n-us-oh</subfield></datafield><datafield ind1="0" ind2="0" tag="245"><subfield code="a">Grover Hill news.</subfield></datafield><datafield ind1=" " ind2=" " tag="260"><subfield code="a">Grover Hill, Ohio :</subfield><subfield code="b">Decatur Pub. Co.,</subfield><subfield code="c">-1973.</subfield></datafield><datafield ind1=" " ind2=" " tag="300"><subfield code="a">v. :</subfield><subfield code="b">ill. ;</subfield><subfield code="c">58 cm. or smaller.</subfield></datafield><datafield ind1=" " ind2=" " tag="310"><subfield code="a">Weekly</subfield></datafield><datafield ind1="0" ind2=" " tag="362"><subfield code="a">Vol. 1, no. 1 (June 27, 1947)-v. 27, no. 9 (Feb. 28, 1973).</subfield></datafield><datafield ind1=" " ind2=" " tag="752"><subfield code="a">United States</subfield><subfield code="b">Ohio</subfield><subfield code="c">Paulding</subfield><subfield code="d">Grover Hill.</subfield></datafield><datafield ind1="0" ind2="4" tag="785"><subfield code="t">Paulding progress</subfield><subfield code="w">(DLC)sn 87076754</subfield></datafield></record>